@techreport{ISO14882,
year = {1998},
author = {{ISO Central Secretary}},
title = {Programming languages---{C}++. {ISO}/{IEC} 144882},
institution = {American National Standard Institute},
edition = {first}
}

@book{josuttis1999,
author = {N. M. Josuttis},
title = {The C++ Standard Library: A Tutorial and Reference},
publisher = {Addison-Wesley},
year = {1999}
}
                  
@misc{hankin2022_disordR,
         title = "Disordered vectors in {R}: introducing the disordR package",
         author   = "Robin K. S. Hankin",
         year = "2022",
         publisher = "arXiv",
         doi = "10.48550/ARXIV.2210.03856",
         url = "https://arxiv.org/abs/2210.03856"
}
