@techreport{ISO14882,
year = {1998},
author = {{ISO Central Secretary}},
title = {Programming languages, {C}++. {ISO}/{IEC} 144882},
institution = {American National Standard Institute},
edition = {first}
}

@book{josuttis1999,
author = {N. M. Josuttis},
title = {The C++ Standard Library: A Tutorial and Reference},
publisher = {Addison-Wesley},
year = {1999}
}
                  
@Manual{rcore2022,
    title = {R: A Language and Environment for Statistical Computing},
    author = {{R Core Team}},
    organization = {R Foundation for Statistical Computing},
    address = {Vienna, Austria},
    year = {2022},
    url = {https://www.R-project.org/},
  }

@Manual{hankin2022mvp,
    title = {mvp: Fast Symbolic Multivariate Polynomials},
    author = {Robin K. S. Hankin},
    year = {2022},
    note = {R package version 1.0-12},
    url = {https://github.com/RobinHankin/mvp},
  }

@Manual{meyer2022,
    title = {sets: Sets, Generalized Sets, Customizable Sets and
      Intervals},
    author = {David Meyer and Kurt Hornik},
    year = {2022},
    note = {R package version 1.0-21},
    url = {https://CRAN.R-project.org/package=sets},
  }

@Article{meyer2009,
    title = {Generalized and Customizable Sets in {R}},
    author = {David Meyer and Kurt Hornik},
    journal = {Journal of Statistical Software},
    year = {2009},
    volume = {31},
    number = {2},
    pages = {1--27},
    doi = {10.18637/jss.v031.i02},
  }