@techreport{ISO14882,
year = {1998},
author = {{ISO Central Secretary}},
title = {Programming languages---{C}++. {ISO}/{IEC} 144882},
institution = {American National Standard Institute},
edition = {first}
}

@book{josuttis1999,
author = {N. M. Josuttis},
title = {The C++ Standard Library: A Tutorial and Reference},
publisher = {Addison-Wesley},
year = {1999}
}
                  
